@InProceedings{Tamura14recurrent,
  author    = {Tamura, Akihiro  and  Watanabe, Taro  and  Sumita, Eiichiro},
  title     = {Recurrent Neural Networks for Word Alignment Model},
  booktitle = {Proceedings of the 52nd Annual Meeting of the Association for Computational Linguistics (Volume 1: Long Papers)},
  month     = {June},
  year      = {2014},
  address   = {Baltimore, Maryland},
  publisher = {Association for Computational Linguistics},
  pages     = {1470--1480},
  url       = {http://www.aclweb.org/anthology/P14-1138}
}

@InProceedings{Legrand16neural,
  author    = {Legrand, Jo\"{e}l  and  Auli, Michael  and  Collobert, Ronan},
  title     = {Neural Network-based Word Alignment through Score Aggregation},
  booktitle = {Proceedings of the First Conference on Machine Translation},
  month     = {August},
  year      = {2016},
  address   = {Berlin, Germany},
  publisher = {Association for Computational Linguistics},
  pages     = {66--73},
  url       = {http://www.aclweb.org/anthology/W/W16/W16-2207}
}

@InProceedings{Yang13word,
  author = 	{Yang, Nan
		and Liu, Shujie
		and Li, Mu
		and Zhou, Ming
		and Yu, Nenghai},
  title = 	{Word Alignment Modeling with Context Dependent Deep Neural Network},
  booktitle = 	{Proceedings of the 51st Annual Meeting of the Association for Computational Linguistics (Volume 1: Long Papers)},
  year = 	{2013},
  publisher = 	{Association for Computational Linguistics},
  pages = 	{166--175},
  location = 	{Sofia, Bulgaria},
  url = 	{http://aclweb.org/anthology/P13-1017}
}

@InProceedings{Luong15effective,
  author    = {Luong, Thang  and  Pham, Hieu  and  Manning, Christopher D.},
  title     = {Effective Approaches to Attention-based Neural Machine Translation},
  booktitle = {Proceedings of the 2015 Conference on Empirical Methods in Natural Language Processing},
  month     = {September},
  year      = {2015},
  address   = {Lisbon, Portugal},
  publisher = {Association for Computational Linguistics},
  pages     = {1412--1421},
  url       = {http://aclweb.org/anthology/D15-1166}
}

@InProceedings{Tran16unsupervised,
  author = 	{Tran, M. Ke
		and Bisk, Yonatan
		and Vaswani, Ashish
		and Marcu, Daniel
		and Knight, Kevin},
  chapter = 	{Unsupervised Neural Hidden Markov Models},
  title = 	{Proceedings of the Workshop on Structured Prediction for NLP},
  year = 	{2016},
  publisher = 	{Association for Computational Linguistics},
  pages = 	{63--71},
  location = 	{Austin, TX},
  url = 	{http://aclweb.org/anthology/W16-5907}
}


@InProceedings{Yvon16transread,
	author = {Yvon, François  and  Xu, Yong  and  Apidianaki, Marianna  and  Pillias, Clément  and  Cubaud, Pierre},
  title     = {TransRead: Designing a Bilingual Reading Experience with Machine Translation Technologies},
  booktitle = {Proceedings of the 2016 Conference of the North American Chapter of the Association for Computational Linguistics: Demonstrations},
  langid    = {english}, 
  month     = {June},
  year      = {2016},
  address   = {San Diego, California},
  pages     = {27--31},
  url       = {http://www.aclweb.org/anthology/N16-3006}
}

@InProceedings{Lacroix16frustratingly,
	author = {Lacroix, Ophélie  and  Aufrant, Lauriane  and  Wisniewski, Guillaume  and  Yvon, François},
  title     = {Frustratingly Easy Cross-Lingual Transfer for Transition-Based Dependency Parsing},
  booktitle = {Proceedings of the 2016 Conference of the North American Chapter of the Association for Computational Linguistics: Human Language Technologies},
  EntrySubtype = {topconf},
  langid    = {english}, 
  month     = {June},
  year      = {2016},
  address   = {San Diego, California},
  pages     = {1058--1063},
  url       = {http://www.aclweb.org/anthology/N16-1121},
  langid     = {english},
}

@InProceedings{Wisniewski14crosslingual,
  author    = {Wisniewski, Guillaume  and Pécheux, Nicolas  and  Gahbiche-Braham, Souhir  and  Yvon, François},
  title     = {Cross-Lingual Part-of-Speech Tagging through Ambiguous Learning},
  booktitle = {Proceedings of the 2014 Conference on Empirical Methods in Natural Language Processing (EMNLP)},
  month     = {October},
  EntrySubtype = {topconf},
  langid    = {english}, 
  year      = {2014},
  address   = {Doha, Qatar},
  pages     = {1779--1785},
  url       = {http://www.aclweb.org/anthology/D14-1187},
}
@article{Bahdanau15NMT,
  author    = {Dzmitry Bahdanau and Kyunghyun Cho and Yoshua Bengio},
  title     = {Neural Machine Translation by Jointly Learning to Align and Translate},
  journal   = {CoRR},
  volume    = {abs/1409.0473},
  year      = {2014},
  url       = {http://arxiv.org/abs/1409.0473},
  biburl    = {http://dblp.uni-trier.de/rec/bib/journals/corr/BahdanauCB14},
  bibsource = {dblp computer science bibliography, http://dblp.org}
}

@InProceedings{Cho14properties,
  author    = {Cho, Kyunghyun  and  van Merrienboer, Bart  and  Bahdanau, Dzmitry  and  Bengio, Yoshua},
  title     = {On the Properties of Neural Machine Translation: Encoder--Decoder Approaches},
  booktitle = {Proceedings of SSST-8, Eighth Workshop on Syntax, Semantics and Structure in Statistical Translation},
  month     = {October},
  year      = {2014},
  address   = {Doha, Qatar},
  publisher = {Association for Computational Linguistics},
  pages     = {103--111},
  url       = {http://www.aclweb.org/anthology/W14-4012}
}
@InProceedings{Jean15onusing,
  author    = {Jean, S\'{e}bastien  and  Cho, Kyunghyun  and  Memisevic, Roland  and  Bengio, Yoshua},
  title     = {On Using Very Large Target Vocabulary for Neural Machine Translation},
  booktitle = {Proceedings of the 53rd Annual Meeting of the Association for Computational Linguistics and the 7th International Joint Conference on Natural Language Processing (Volume 1: Long Papers)},
  month     = {July},
  year      = {2015},
  address   = {Beijing, China},
  publisher = {Association for Computational Linguistics},
  pages     = {1--10},
  url       = {http://www.aclweb.org/anthology/P15-1001}
}

@article{Costa-Jussa16characterbased,
  author    = {Marta R. Costa{-}Juss{\`{a}} and Jos{\'{e}} A. R. Fonollosa},
  title     = {Character-based Neural Machine Translation},
  journal   = {CoRR},
  volume    = {abs/1603.00810},
  year      = {2016},
  url       = {http://arxiv.org/abs/1603.00810},
  timestamp = {Sat, 02 Apr 2016 11:49:48 +0200},
  biburl    = {http://dblp.uni-trier.de/rec/bib/journals/corr/Costa-JussaF16},
  bibsource = {dblp computer science bibliography, http://dblp.org}
}

@incollection{Sutskever14Sequence,
title = {Sequence to Sequence Learning with Neural Networks},
author = {Sutskever, Ilya and Vinyals, Oriol and Le, Quoc V},
booktitle = {Advances in Neural Information Processing Systems (NIPS) 27},
pages = {3104--3112},
year = {2014},
url = {http://papers.nips.cc/paper/5346-sequence-to-sequence-learning-with-neural-networks.pdf}
}

@book{Koehn10smt,
Author = {Philipp Koehn},
Publisher = {Cambridge University Press},
Title = {Statistical Machine Translation},
Year = 2010}

% -- Tamura
% 